@Article{Our2013,
	Title                    = {О статистических характеристиках электрических полей грозовых облаков в атмосфере},
	Author                   = {Клименко, В. В. and Мареев, Е. А. and Шаталина, М. В. and Шлюгаев, Ю. В. and Соколов, В. В. and Булатов, А. А. and Денисов, В. П.},
	Journal                  = {Известия вузов. Радиофизика},
	Year                     = {2013},
	Number                   = {11-12},
	Volume                   = {56},
	language    = {russian}
}

@article{Bulatov2020,
	author = {Булатов, А. А. and Иудин, Д. И. and Сысоев, А. А.},
	journal = {Известия вузов. Радиофизика},
	volume = {63},
	number = {2},
	pages = {135--154},
	title = {{Самоорганизующаяся транспортная модель искрового разряда в грозовом облаке}},
	year = {2020}
}

@article{MareevWe2016,
	author = {Мареев, Е. А. and Стасенко, В. Н. and Булатов, А. А. and Дементьева, С. О. and Евтушенко, А. А. and Ильин, Н. В. and Кутерин, Ф. А. and Слюняев, Н.Н. Шаталина М. В.},
	journal = {Известия РАН. Физика атмосферы и океана.},
	number = {2},
	pages = {175--186},
	title = {{Российские исследования атмосферного электричества в 2011 - 2014 гг.}},
	volume = {52},
	year = {2016}
}

@internet{SotmGithub,
	author = {Булатов, А. А.},
	title = {{Репозиторий исходного кода транспортной модели}},
	url = {https://github.com/DAlexis/self-organizing-transport-model}
}

@article{BulatovMiG,
	author = {Булатов, А. А. and Кутерин, Ф. А. and Шлюгаев, Ю. В.},
	journal = {Метеорология и гидрология},
	keywords = {атомосферное электричество,грозовые разряды,многопунктовая грозопеленгация},
	mendeley-groups = {Грозопеленгация},
	number = {6},
	pages = {113--121},
	title = {{Региональная сеть пассивной грозопеленгации в Нижегородской области}},
	year = {2017}
}

@article{BulatovEnergetik2017,
	author = {Булатов, А. А. and Кутерин, Ф. А. and Шлюгаев, Ю. В.},
	journal = {Энергетик},
	number = {10},
	pages = {26--29},
	title = {{Особенности распределения молниевой активности на территории Нижегородской области по данным региональной грозопеленгационной системы за 2014-2016 гг.}},
	year = {2017}
}




% Всякие мои конференции
@inproceedings{Borok2014,
	address = {п. Борок, Ярославская обл.},
	author = {Булатов, А. А. and Шлюгаев, Ю. В. and Кутерин, Ф. А.},
	booktitle = {Состав атмосферы, атмосферное электричество, климатические процессы},
	mendeley-groups = {Грозопеленгация},
	pages = {11},
	title = {{Многопунктовая грозопеленгационная система в Нижегородской области}},
	year = {2014}
}

@inproceedings{rcpl2014,
	address = {Санкт-Петербург},
	author = {Кутерин, Ф. А. and Шлюгаев, Ю. В. and Булатов, А. А},
	booktitle = {IV международная конференция по молниезащите},
	pages = {278--282},
	publisher = {Издательство Политехнического университета},
	title = {{Организация базы данных многопунктовой грозопеленгации для мониторинга грозоопасности}},
	year = {2014}
}

@inproceedings{rclp2016,
	address = {Санкт-Петербург},
	author = {Булатов, А. А. and Шлюгаев, Ю. В.},
	booktitle = {V Российская конференция по молниезащите},
	pages = {85--91},
	publisher = {Издательство Политехнического университета},
	title = {{Исследование молниевой активности в Нижегородской области с использованием разработанной нижегородской грозопеленгационной системы}},
	year = {2016}
}

@inproceedings{rclp2018,
	address = {Санкт-Петербург},
	author = {Булатов, А. А. and Иудин, Д. И. and Сысоев, А. А.},
	booktitle = {VI Российская конференция по молниезащите},
	title = {{Численное моделирование инициации молнии}},
	year = {2018}
}

@inproceedings{Borok2017,
	address = {п. Борок, Ярославская обл.},
	author = {Булатов, А. А. and Иудин, Д. И.},
	booktitle = {Состав атмосферы, атмосферное электричество, климатические процессы},
	file = {:home/dalexies/.local/share/data/Mendeley Ltd./Mendeley Desktop/Downloaded/Булатов, Иудин - 2017 - Численное моделирование двунаправленного лидера.pdf:pdf},
	keywords = {мои},
	mendeley-tags = {мои},
	pages = {67},
	title = {{Численное моделирование двунаправленного лидера}},
	year = {2017}
}

@inproceedings{NWP2017,
	address = {Moscow - St.-Petersburg, Russia},
	author = {Bulatov, A. A. and Syssoev, A. A. and Davydenko, S. S. and Iudin, D. I.},
	booktitle = {Topical Problems of Nonlinear Wave Physics: Nonlinear Phenomena in the Atmosphere and Ocean},
	keywords = {мои,очно},
	pages = {104},
	title = {{Biderectional Leader Development Simulation}},
	year = {2017}
}

@inproceedings{Kuterin2014,
	abstract = {The Lightning Detection Network in Nizhny Novgorod region dedicated to the academic research of meteorological phenomena has being developed. Six Boltek StormTracker PCI-Receivers with LTS-2 Timestamp Cards with GPS and lightning detectors were integrated to PC-workstations running the Ubuntu linux operating system. These PC-workstations with integrated lightning detectors were installed at six observation points placed in Nizhny Novgorod and Nizhny Novgorod region. The PC-workstations are left on permanently in order to monitor lightning activity at all times. Each has wired Internet connection allowing almost instantaneous data transfer to a central server running MySQL database in Ubuntu Linux. Information collected in database is processed by a program developed by us called the LDN-processor. The LDN-processor analyses the data from each client and performs event triangulations using time-of-arrival and direction-finding algorithms. It uses the correlation analysis.},
	address = {Norman, OK, U.S.A.},
	author = {Kuterin, F. A. and Bulatov, A. A and Shlugaev, Yu. V.},
	booktitle = {International Conference on Atmospheric Electricity},
	mendeley-groups = {Труды конференций},
	pages = {P--12--17},
	title = {{The Development of the Lightning Detection Network based on Boltek StormTracker hardware}},
	year = {2014}
}

@inproceedings{IudinArmenia2017,
	address = {Byurakan, Armenia},
	author = {Iudin, D. I. and Rakov, V. A. and Syssoev, A. A. and Bulatov, A. A.},
	booktitle = {Thunderstorms and Elementary Particle Acceleration},
	title = {{Percolation effects and scalar-impurity advection in a turbulent flow: implications for lightning initiation problem}},
	year = {2017}
}

@inproceedings{Shlyugaev2014,
	abstract = {In this paper we discuss the results of our studies of the regional storm activity, in particular the spatial characteristics of thunderstorms passing through the region in order to develop the revised criteria for interconnection of electrical and meteorological phenomena. The Lightning Detection Network in Nizhny Novgorod region dedicated to the academic research of meteorological phenomena has being developed. Three Boltek StormTracker PCI-Receivers with LTS-2 Timestamp Cards with GPS and lightning detectors were integrated to PC-workstations running the GNU/Linux operating system. These PC-workstations with integrated lightning detectors were installed at three observation points placed in Nizhny Novgorod and Nizhny Novgorod region. The PC-workstations are left on permanently in order to monitor lightning activity at all times. Each has wired Internet connection allowing almost instantaneous data transfer to a central server running MySQL database in GNU/Linux. Information collected in database is processed by a program developed by us called the LDN-processor. The LDN-processor analyses the data from each client and performs event triangulations using time-of-arrival and direction-finding algorithms. It uses the correlation analysis.},
	address = {Shanghai, China},
	author = {Shlyugaev, Yu.V. and Mareev, E.A. and Kuterin, F.A. and Bulatov, A.A.},
	booktitle = {32nd International Conference on Lightning Protection},
	doi = {10.1109/ICLP.2014.6973449},
	mendeley-groups = {Труды конференций},
	pages = {1964--1966},
	publisher = {IEEE},
	title = {{Comprehensive study of regional thunderstorm activity in a wide frequencie range}},
	url = {http://140.98.202.196/xpl/articleDetails.jsp?tp={\&}arnumber=6973449{\&}searchWithin{\%}3Dp{\_}Authors{\%}3A.QT.Mareev{\%}2C+E.{\%}2FA{\%}2F..QT.},
	year = {2014}
}



@inproceedings{IudinChina2017,
	address = {Beijing, China},
	author = {Iudin, D. I. and Syssoev, A. A. and Bulatov, A. A. and Rakov, V. A. and Hayakawa, M.},
	booktitle = {The 1st International Symposium on Lightning Physics and Lightning Meteorology},
	title = {{A new hypothetical scenario of lightning initiation}},
	year = {2017}
}
