% Encoding: UTF8


@article{Chapman2017,
	author = {Chapman, Ryan and Marshall, Thomas and Karunarathne, Sumedhe and Stolzenburg, Maribeth},
	doi = {10.1002/2016JD025859},
	issn = {2169897X},
	journal = {Journal of Geophysical Research: Atmospheres},
	month = apr,
	number = {7},
	pages = {3718--3732},
	title = {{Initial electric field changes of lightning flashes in two thunderstorms}},
	url = {http://doi.wiley.com/10.1002/2016JD025859},
	volume = {122},
	year = {2017}
}


@article{VanderVelde2013,
	author = {van der Velde, Oscar A. and Montany{\`{a}}, Joan},
	doi = {10.1002/2013JD020257},
	issn = {2169897X},
	journal = {Journal of Geophysical Research: Atmospheres},
	month = dec,
	number = {24},
	pages = {13,504--13,519},
	title = {{Asymmetries in bidirectional leader development of lightning flashes}},
	url = {http://doi.wiley.com/10.1002/2013JD020257},
	volume = {118},
	year = {2013}
}

@article{Montanya2015,
	author = {Montany{\`{a}}, Joan and van der Velde, Oscar and Williams, Earle R.},
	doi = {10.1038/srep15180},
	issn = {2045-2322},
	journal = {Scientific Reports},
	month = dec,
	number = {1},
	pages = {15180},
	title = {{The start of lightning: Evidence of bidirectional lightning initiation}},
	url = {http://www.nature.com/articles/srep15180},
	volume = {5},
	year = {2015}
}

@article{Maslowski2006,
	author = {Maslowski, Grzegorz and Rakov, Vladimir A.},
	doi = {10.1029/2005JD006858},
	issn = {0148-0227},
	journal = {Journal of Geophysical Research},
	number = {D14},
	pages = {D14110},
	title = {{A study of the lightning channel corona sheath}},
	url = {http://doi.wiley.com/10.1029/2005JD006858},
	volume = {111},
	year = {2006}
}

@article{Luque2014,
	author = {Luque, Alejandro and Ebert, Ute},
	doi = {10.1088/1367-2630/16/1/013039},
	issn = {1367-2630},
	journal = {New Journal of Physics},
	month = jan,
	number = {1},
	pages = {013039},
	title = {{Growing discharge trees with self-consistent charge transport: the collective dynamics of streamers}},
	url = {http://stacks.iop.org/1367-2630/16/i=1/a=013039?key=crossref.c5bf5ebcec655a5e3f827f3803dc4ebb},
	volume = {16},
	year = {2014}
}

@article{IudinRakov2017,
	author = {Iudin, D. I. and Rakov, V. A. and Mareev, E.A. and Iudin, F. D. and Syssoev, A. A. and Davydenko, S. S.},
	doi = {10.1002/2016JD026261},
	issn = {2169897X},
	journal = {Journal of Geophysical Research: Atmospheres},
	mendeley-groups = {Молния},
	month = jun,
	number = {12},
	pages = {6416--6430},
	title = {{Advanced numerical model of lightning development: Application to studying the role of LPCR in determining lightning type}},
	url = {http://doi.wiley.com/10.1002/2016JD026261},
	volume = {122},
	year = {2017}
}

@article{Rison2016,
	author = {Rison, William and Krehbiel, Paul R. and Stock, Michael G. and Edens, Harald E. and Shao, Xuan-Min and Thomas, Ronald J. and Stanley, Mark A. and Zhang, Yang},
	doi = {10.1038/ncomms10721},
	issn = {2041-1723},
	journal = {Nature Communications},
	mendeley-groups = {Молния},
	month = feb,
	pages = {10721},
	title = {{Observations of narrow bipolar events reveal how lightning is initiated in thunderstorms}},
	url = {http://www.nature.com/doifinder/10.1038/ncomms10721},
	volume = {7},
	year = {2016}
}

@article{Marshall1995,
	author = {Marshall, Thomas C. and McCarthy, Michael P. and Rust, W. David},
	doi = {10.1029/95JD00020},
	issn = {0148-0227},
	journal = {Journal of Geophysical Research},
	mendeley-groups = {Молния},
	number = {D4},
	pages = {7097--7103},
	title = {{Electric field magnitudes and lightning initiation in thunderstorms}},
	url = {http://doi.wiley.com/10.1029/95JD00020},
	volume = {100},
	year = {1995}
}

@book{Bazelyan1997,
	author = {Базелян, Э. М. and Райзер, Ю. П},
	pages = {320},
	publisher = {М.: Изд-во МФТИ},
	title = {{Искровой разряд}},
	year = {1997}
}

@book{Raizer2009,
	address = {Долгопрудный},
	author = {Райзер, Ю. П.},
	pages = {736},
	publisher = {Издательский Дом «Интеллект»},
	title = {{Физика газового разряда}},
	year = {2009}
}

@book{RakovUman2005,
	author = {Rakov, Vladimir A. and Uman, Martin A.},
	doi = {10.1256/wea.168/03},
	edition = {3},
	isbn = {0 521 583276 6},
	mendeley-groups = {Молния},
	pages = {687},
	publisher = {Cambridge University Press},
	title = {{Lightning: Physics and effects}},
	year = {2005}
}

@article{Dwyer2014,
	author = {Dwyer, Joseph R. and Uman, Martin A.},
	doi = {10.1016/j.physrep.2013.09.004},
	issn = {03701573},
	journal = {Physics Reports},
	mendeley-groups = {Молния},
	month = jan,
	number = {4},
	pages = {147--241},
	title = {{The physics of lightning}},
	url = {http://linkinghub.elsevier.com/retrieve/pii/S037015731300375X},
	volume = {534},
	year = {2014}
}

@article{Loeb1966,
	author = {Loeb, Leonard B.},
	doi = {10.1029/JZ071i020p04711},
	issn = {01480227},
	journal = {Journal of Geophysical Research},
	mendeley-groups = {Молния},
	month = oct,
	number = {20},
	pages = {4711--4721},
	title = {{The mechanisms of stepped and dart leaders in cloud-to-ground lightning strokes}},
	url = {http://doi.wiley.com/10.1029/JZ071i020p04711},
	volume = {71},
	year = {1966}
}

@article{Phelps1974,
	author = {Phelps, C.T.},
	doi = {10.1016/0021-9169(74)90070-1},
	issn = {00219169},
	journal = {Journal of Atmospheric and Terrestrial Physics},
	mendeley-groups = {Молния},
	month = jan,
	number = {1},
	pages = {103--111},
	title = {{Positive streamer system intensification and its possible role in lightning initiation}},
	url = {http://linkinghub.elsevier.com/retrieve/pii/0021916974900701},
	volume = {36},
	year = {1974}
}

@article{Griffiths1976,
	author = {Griffiths, R. F. and Phelps, C. T.},
	doi = {10.1029/JC081i021p03671},
	issn = {01480227},
	journal = {Journal of Geophysical Research},
	mendeley-groups = {Молния},
	month = jul,
	number = {21},
	pages = {3671--3676},
	title = {{A model for lightning initiation arising from positive corona streamer development}},
	url = {http://doi.wiley.com/10.1029/JC081i021p03671},
	volume = {81},
	year = {1976}
}

@article{Dubinova2015,
	author = {Dubinova, Anna and Rutjes, Casper and Ebert, Ute and Buitink, Stijn and Scholten, Olaf and Trinh, Gia Thi Ngoc},
	doi = {10.1103/PhysRevLett.115.015002},
	issn = {0031-9007},
	journal = {Physical Review Letters},
	mendeley-groups = {Молния},
	month = jun,
	number = {1},
	pages = {015002},
	title = {{Prediction of Lightning Inception by Large Ice Particles and Extensive Air Showers}},
	url = {https://link.aps.org/doi/10.1103/PhysRevLett.115.015002},
	volume = {115},
	year = {2015}
}

@article{Cai2017,
	author = {Cai, Qiheng and J{\'{a}}nsk{\'{y}}, Jaroslav and Pasko, Victor P.},
	doi = {10.1002/2017GL073107},
	issn = {00948276},
	journal = {Geophysical Research Letters},
	mendeley-groups = {Молния},
	month = jun,
	number = {11},
	pages = {5758--5765},
	title = {{Initiation of positive streamer corona in low thundercloud fields}},
	url = {http://doi.wiley.com/10.1002/2017GL073107},
	volume = {44},
	year = {2017}
}

@article{Sadighi2015,
	author = {Sadighi, Samaneh and Liu, Ningyu and Dwyer, Joseph R. and Rassoul, Hamid K.},
	doi = {10.1002/2014JD022724},
	issn = {2169897X},
	journal = {Journal of Geophysical Research: Atmospheres},
	mendeley-groups = {Молния},
	month = may,
	number = {9},
	pages = {3660--3678},
	title = {{Streamer formation and branching from model hydrometeors in subbreakdown conditions inside thunderclouds}},
	url = {http://doi.wiley.com/10.1002/2014JD022724},
	volume = {120},
	year = {2015}
}

@article{Gurevich1992,
	author = {Gurevich, A.V. and Milikh, G.M. and Roussel-Dupre, R.},
	doi = {10.1016/0375-9601(92)90348-P},
	issn = {03759601},
	journal = {Physics Letters A},
	mendeley-groups = {Молния},
	month = jun,
	number = {5-6},
	pages = {463--468},
	title = {{Runaway electron mechanism of air breakdown and preconditioning during a thunderstorm}},
	url = {http://linkinghub.elsevier.com/retrieve/pii/037596019290348P},
	volume = {165},
	year = {1992}
}

@article{Gurevich1999,
	author = {Gurevich, A.V. and Zybin, K.P. and Roussel-Dupre, R.A.},
	doi = {10.1016/S0375-9601(99)00091-2},
	issn = {03759601},
	journal = {Physics Letters A},
	mendeley-groups = {Молния},
	month = apr,
	number = {1-2},
	pages = {79--87},
	title = {{Lightning initiation by simultaneous effect of runaway breakdown and cosmic ray showers}},
	url = {http://linkinghub.elsevier.com/retrieve/pii/S0375960199000912},
	volume = {254},
	year = {1999}
}

@article{Gurevich2001,
	author = {Gurevich, Aleksandr V. and Zybin, Kirill P.},
	doi = {10.3367/UFNr.0171.200111b.1177},
	issn = {0042-1294},
	journal = {Uspekhi Fizicheskih Nauk},
	mendeley-groups = {Молния},
	number = {11},
	pages = {1177},
	title = {{Runaway breakdown and electric discharges in thunderstorms}},
	url = {http://ufn.ru/ru/articles/2001/11/b/},
	volume = {171},
	year = {2001}
}

@article{Dwyer2005,
	author = {Dwyer, J. R.},
	doi = {10.1029/2005GL023975},
	issn = {0094-8276},
	journal = {Geophysical Research Letters},
	mendeley-groups = {Молния},
	number = {20},
	pages = {L20808},
	title = {{The initiation of lightning by runaway air breakdown}},
	url = {http://doi.wiley.com/10.1029/2005GL023975},
	volume = {32},
	year = {2005}
}

@article{Petersen2008,
	author = {Petersen, Danyal and Bailey, Matthew and Beasley, William H. and Hallett, John},
	doi = {10.1029/2007JD009036},
	issn = {0148-0227},
	journal = {Journal of Geophysical Research},
	mendeley-groups = {Молния},
	month = sep,
	number = {D17},
	pages = {D17205},
	title = {{A brief review of the problem of lightning initiation and a hypothesis of initial lightning leader formation}},
	url = {http://doi.wiley.com/10.1029/2007JD009036},
	volume = {113},
	year = {2008}
}

@article{Iudin2017,
	author = {Iudin, D. I.},
	doi = {10.1007/s11141-017-9807-x},
	issn = {0033-8443},
	journal = {Radiophysics and Quantum Electronics},
	mendeley-groups = {Молния},
	month = oct,
	number = {5},
	pages = {374--394},
	title = {{Lightning-Discharge Initiation as a Noise-Induced Kinetic Transition}},
	url = {http://link.springer.com/10.1007/s11141-017-9807-x},
	volume = {60},
	year = {2017}
}

@book{Yuman-Molniya,
	author = {Юман, М.},
	title       = {Молния},
	publisher   = {Мир},
	year        = 1972,
	address     = {Москва},
	language    = {russian}
}

@book{BazelyanRaizer-FizikaMolniiIMolniezaschity,
	author = {Базелян, Э. М. and Райзер, Ю. П.},
	title       = {Физика молнии и молниезащиты},
	publisher   = {Физматлит},
	year        = 2001,
	address     = {Москва},
	language    = {russian}
}


@Article{Rakov-PhysicsOfLightning,
	Title                    = {The Physics of Lightning},
	Author                   = {Rakov, V. A.},
	Journal                  = {Surveys in Geophysics},
	Year                     = {2013},
	Number                   = {3},
	Volume                   = {34},
	Publisher                = {Springer},
	language    = {russian}
}


% Чехол лидера, главная стадия

@article{Maslowski2011,
	author = {Maslowski, Grzegorz and Rakov, Vladimir A and Miki, Megumu},
	doi = {10.1109/TEMC.2011.2109063},
	issn = {0018-9375},
	journal = {IEEE Transactions on Electromagnetic Compatibility},
	mendeley-groups = {Чехол главная стадия},
	month = may,
	number = {2},
	pages = {390--394},
	title = {{Some Inferences From Radial Electric Fields Measured Inside the Lightning-Channel Corona Sheath}},
	url = {http://ieeexplore.ieee.org/document/5741723/},
	volume = {53},
	year = {2011}
}

@article{Ignjatovic2014,
	author = {Ignjatovic, Milan and Cvetic, Jovan and Heidler, Fridolin and Markovic, Slavoljub and Djuric, Radivoje},
	doi = {10.1016/j.atmosres.2014.01.004},
	issn = {01698095},
	journal = {Atmospheric Research},
	mendeley-groups = {Чехол главная стадия},
	month = nov,
	pages = {333--345},
	title = {{The influence of the breakdown electric field in the configuration of lightning corona sheath on charge distribution in the channel}},
	url = {http://linkinghub.elsevier.com/retrieve/pii/S0169809514000052},
	volume = {149},
	year = {2014}
}


% Спрайты и т.п.

@article{Kossiy1994,
	author = {Коссый, И. А. and Костинский, А. Ю. and Матвеев, А. А. and Силаков, В. П.},
	journal = {Труды ИОФАН},
	number = {47},
	pages = {37--53},
	title = {{Плазмохимические процесы в неравновесной азотно-кислородной смеси}},
	year = {1994}
}

@article{Sentman2008,
	author = {Sentman, D. D. and Stenbaek-Nielsen, H. C. and McHarg, M. G. and Morrill, J. S.},
	doi = {10.1029/2007JD008941},
	issn = {0148-0227},
	journal = {Journal of Geophysical Research},
	mendeley-groups = {Спрайты},
	month = jun,
	number = {D11},
	pages = {D11112},
	title = {{Plasma chemistry of sprite streamers}},
	url = {http://doi.wiley.com/10.1029/2007JD008941},
	volume = {113},
	year = {2008}
}



@article{Kozlov2014,
	author = {Козлов, В. И. and Муллаяров, В. А. and Григорьев, Ю. М. and Тарабукина, Л. Д.},
	journal = {Известия Российской академии наук. Физика атмосферы и океана},
	mendeley-groups = {Грозопеленгация},
	number = {3},
	pages = {365},
	title = {{Параметры грозовой активности и молниевых разрадов на территории цнетральной Якутии в 2009-2012 гг.}},
	volume = {50},
	year = {2014}
}

@article{Shabaganova2012,
	author = {Шабаганова, С. Н. and Каримов, Р. Р. and Козлов, В. И. and Муллаяров, В. А.},
	journal = {Метеорология и гидрология},
	mendeley-groups = {Грозопеленгация},
	number = {12},
	pages = {35--43},
	title = {{Характеристики грозовых ячеек по наблюдениям в Якутии}},
	year = {2012}
}

@article{Anisimov2013,
	author = {Анисимов, С. В. and Афиногенов, К. В. and Шихова, Н. М.},
	journal = {Известия ВУЗов. Радиофизика},
	number = {11-12},
	pages = {787--802},
	title = {{Динамика электричества невозмущенной атмосферы средних широт: от наблюдений к скейлингу}},
	volume = {LVI},
	year = {2013}
}


@article{Huang2009,
	author = {Huang, X.-Y. and Xiao, Q. and Barker, X. Z. and Zhang, Xin and Michalakes, John and Huang, Wei and Henderson, Tom and Bray, John and Chen, Yongsheng and Ma, Zaizhong and Dudhia, Jimy and Guo, Yongrun and Zhang, Xiaoyan and Won, Duk-Jin and Lin, Hui-Chuan and Kuo, Ying-Hwa},
	journal = {Monthly weather review},
	number = {1},
	pages = {299--314},
	title = {{Four-Dimensional Variational Data Assimilation for WRF: Formulation and Preliminary Results}},
	volume = {137},
	year = {2009}
}

@article{Mareev2010,
	author = {Мареев, Е. А.},
	journal = {УФН},
	number = {5},
	pages = {527--534},
	title = {{Достижения и перспективы исследований глобальной электрической цепи}},
	volume = {180},
	year = {2010}
}

@article{Williams2014,
	author = {Williams, E. and Mareev, E. A.},
	journal = {Atmospheric Research},
	number = {1},
	pages = {208--227},
	title = {{Recent progress on the global electrical circuit}},
	volume = {135-136},
	year = {2014}
}


% Others publications

@book{BaruKononovSolomonic,
    author = {Бару, Н. В. and Кононов И. И. and Соломоник М. Е.},
    title       = {Радиопеленгаторы-дальномеры ближних гроз},
    publisher   = {Гидрометеоиздат},
    year        = 1976,
    address     = {Ленинград},
    language    = {russian}
}

@book{Matveev1984,
	address = {Ленинград},
	author = {Матвеев, Л. Т.},
	mendeley-groups = {Метеорология},
	pages = {751},
	publisher = {Гидрометиздат},
	title = {{Курс общей метеорологии. Физика атмосферы}},
	year = {1984}
}

@Article{Rakov-emld,
    Title                    = {Electromagnetic Methods of Lightning Detection},
    Author                   = {Rakov, V. A.},
    Journal                  = {Surveys in Geophysics},
    Year                     = {2013},
    Number                   = {6},
    Volume                   = {34},
    Publisher                = {Springer},
    language    = {russian}
}

@Article{Godunov59,
    Title                    = {Разностный метод численного расчета разрывных решений уравнений гидродинамики},
    Author                   = {Годунов, С. К.},
    Journal                  = {Матем. сб.},
    Year                     = {1959},
    Number                   = {11-12},
    Volume                   = {47(89)},
    language    = {russian}
}

@InCollection{Saunders2008,
    Title                    = {Charge separation mechanisms in clouds},
    Author                   = {Saunders, Clive},
    Booktitle                = {Planetary Atmospheric Electricity},
    Publisher                = {Springer},
    Year                     = {2008},
    Pages                    = {335-353},
    language    = {russian}
}

% Грозопеленгация
@internet{wwllnSite,
	title = {{World Wide Lightning Location Network - WWLLN}},
	url = {http://wwlln.net/}
}

@internet{gld360Site,
	title = {{Глобальный набор данных по молниям Vaisala GLD360}},
	url = {http://www.vaisala.ru/ru/""defense/products/""lightningdetection/""Pages/GLD360.aspx}
}

@internet{nldnSiteArticle,
	mendeley-groups = {Грозопеленгация},
	title = {{National Lightning Detection Network - the most scientifically accurate lightning information system, monitoring cloud-to-ground lightning activity across the US - Vaisala}},
	url = {http://www.vaisala.com/en/""products/""thunderstormandlightningdetectionsystems/""Pages/NLDN.aspx}
}


@inproceedings{Pinto2003,
	address = {Curitiba, Brazil},
	author = {Pinto, Jr. O.},
	booktitle = {VII International Symposium on Lightning Protection (SIPDA)},
	mendeley-groups = {Грозопеленгация},
	title = {{The Brazilian lightning detection network: a historical background and future perspectives}},
	year = {2003}
}


@article{Kononov2014,
	author = {Кононов, И. И. and Снегуров, А. В. and Снегуров, В. С. and Юсупов, И. Е.},
	journal = {Труды Главной геофизической обсерватории им. А.И. Воейкова},
	mendeley-groups = {Грозопеленгация},
	number = {575},
	pages = {131--141},
	title = {{Точностные характеристики разностно-дальномерной системы местоопределения гроз}},
	year = {2014}
}

@article{Kononov2013,
	author = {Кононов, И. И. and Юсупов, И. Е. and Кандарацков, Н. В.},
	journal = {Известия вузов. Радиофизика},
	mendeley-groups = {Грозопеленгация},
	number = {11/12},
	pages = {875--888},
	title = {{Анализ однопунктовых методов пассивной локации грозового разряда}},
	volume = {56},
	year = {2013}
}

@inproceedings{Kononov2011,
	author = {Кононов, И. И. and Иванов, В. И. and Крутой, Д. М. and Юсупов, И. Е.},
	booktitle = {XVII Международная конференция «Радиолокация, навигация, связь»},
	mendeley-groups = {Грозопеленгация},
	pages = {1990--2002},
	title = {{Систематические ошибки местоопределения грозовых очагов}},
	year = {2011}
}


@article{Adjiev2013,
	author = {Аджиев, А. Х. and Стасенко, В. Н. and Тапасханов, В. О.},
	journal = {Метеорология и гидрология},
	mendeley-groups = {Грозопеленгация},
	number = {1},
	pages = {2--11},
	title = {{Система грозопеленгации на Северном Кавказе}},
	year = {2013}
}

@article{Gubenko2014,
	author = {Губенко, И. М. and Рубинштейн, К. Г.},
	journal = {Метеорология и гидрология},
	mendeley-groups = {Грозопеленгация},
	number = {40-53},
	title = {{Пример сравнения индексов неустойчивости средней тропосферы в прогностической модели с информацией о грозовой активности}},
	year = {2014}
}


@article{Buharov2013,
	author = {Бухаров, М.В.},
	journal = {Метеорология и гидрология},
	mendeley-groups = {Грозопеленгация},
	number = {8},
	pages = {5--15},
	title = {{Диагноз вероятности гроз по спутниковой информации}},
	year = {2013}
}

@internet{AlwesSite,
	mendeley-groups = {Грозопеленгация},
	title = {{АLWES - Пассивные системы пеленгации гроз}},
	url = {http://www.alwes.ru}
}

@article{Snegurov2010,
	author = {Снегуров, А. В.},
	journal = {Труды Главной геофизической обсерватории им. А.И. Воейкова},
	mendeley-groups = {Грозопеленгация},
	number = {562},
	pages = {190--200},
	title = {{Опыт построения экспериментальной грозопеленгационной сети}},
	year = {2010}
}

@article{Mullayarov2009,
	author = {Муллаяров, В. А. and Торопов, А. А. and Козлов, В. И. and Каримов, Р. Р.},
	journal = {Метеоpология и гидpология},
	mendeley-groups = {Грозопеленгация},
	number = {9},
	pages = {47--55},
	title = {{Особенности пространственного распределения положительных грозовых разрядов на востоке Сибири}},
	year = {2009}
}

@article{Farias2009,
	author = {Farias, W.R.G. and Pinto, O. and Naccarato, K.P. and Pinto, I.R.C.A},
	doi = {10.1016/j.atmosres.2008.06.009},
	issn = {01698095},
	journal = {Atmospheric Research},
	mendeley-groups = {Грозопеленгация},
	month = feb,
	number = {2-4},
	pages = {485--490},
	title = {{Anomalous lightning activity over the Metropolitan Region of S{\~{a}}o Paulo due to urban effects}},
	url = {http://linkinghub.elsevier.com/retrieve/pii/S0169809508002226},
	volume = {91},
	year = {2009}
}

@article{Pinto2004,
	abstract = {An 8-year climatological analysis (1989–1996) of lightning network data over Belo Horizonte, a large city located in Southeastern Brazil, and nearby surrounding ar- eas has indicated a significant enhancement of approximately 100{\%} in the negative flash density and of 50{\%} in the positive flash density over and downwind of the city, compared with the other adjacent areas. A decrease of 25{\%} in the percent- age of positive flashes was also observed over and downwind of the city. No urban effect was evident in the peak current of both negative and positive flashes. These results are in agree- ment with the recent results obtained by Steiger et al. (2002) for Houston, except that the strength of the effect is twice larger than in Houston. The reason for this difference is not clear.},
	author = {Pinto, I. R. C. A and Pinto, Jr. O. and Gomes, M. A. S. S. and Ferreira, N. J.},
	journal = {Annales Geophysicae},
	mendeley-groups = {Грозопеленгация},
	number = {22},
	pages = {697--700},
	title = {{Urban effect on the characteristics of cloud-to-ground lightning over Belo Horizonte-Brazil}},
	year = {2004}
}

@article{Farias2014,
	author = {Farias, W.R.G. and Pinto, O. and Pinto, I.R.C.A. and Naccarato, K.P.},
	doi = {10.1016/j.atmosres.2012.09.007},
	issn = {01698095},
	journal = {Atmospheric Research},
	mendeley-groups = {Грозопеленгация},
	month = jan,
	pages = {370--373},
	title = {{The influence of urban effect on lightning activity: Evidence of weekly cycle}},
	url = {http://linkinghub.elsevier.com/retrieve/pii/S0169809512003092},
	volume = {135-136},
	year = {2014}
}

@article{Biagi2007,
	author = {Biagi, Christopher J. and Cummins, Kenneth L. and Kehoe, Kenneth E. and Krider, E. Philip},
	doi = {10.1029/2006JD007341},
	issn = {0148-0227},
	journal = {Journal of Geophysical Research},
	month = mar,
	number = {D5},
	pages = {D05208},
	title = {{National Lightning Detection Network (NLDN) performance in southern Arizona, Texas, and Oklahoma in 2003–2004}},
	url = {http://doi.wiley.com/10.1029/2006JD007341},
	volume = {112},
	year = {2007}
}

@inproceedings{Demetriades2010,
	address = {Orlando, Florida},
	author = {Demetriades, Nicholas W. S. and Murphy, Martin J. and Cramer, John A.},
	booktitle = {21st International Lightning Detection Conference},
	title = {{Validation of VAISALA'S Global Lightning Dataset (GLD360) over the continental United States}},
	year = {2010}
}

@inproceedings{Naccarato2010,
	author = {et al. Naccarato, K. P.},
	booktitle = {21st International Lightning Detection Conference},
	title = {{Validation of the new GLD360 dataset in Brazil: First results}},
	year = {2010}
}

@inproceedings{Heckman2010,
	address = {Salvador, Brazil},
	author = {Heckman, S and Liu, C},
	booktitle = {GROUND'2010 {\&} 4th LPE},
	pages = {234--240},
	title = {{The application of total lightning detection and cell tracking for severe weather prediction}},
	year = {2010}
}

% Вычисления

@article{Bentley1975,
	author = {Bentley, Jon Louis},
	doi = {10.1145/361002.361007},
	issn = {00010782},
	journal = {Communications of the ACM},
	mendeley-groups = {Информатика},
	month = sep,
	number = {9},
	pages = {509--517},
	title = {{Multidimensional binary search trees used for associative searching}},
	url = {http://portal.acm.org/citation.cfm?doid=361002.361007},
	volume = {18},
	year = {1975}
}

% Трэш

@internet{newsnn2016,
	author = {Чичурина, Е.},
	title = {{Мужчину убило молнией в Балахнинском районе}},
	url = {http://newsnn.ru/news/2016/07/18/159735/},
	year = {2016}
}
